[gd_scene load_steps=9 format=3 uid="uid://c8lwg81pg3v7u"]

[ext_resource type="Script" path="res://Code/Controls/popups.gd" id="1_w25i3"]
[ext_resource type="PackedScene" uid="uid://hp2w1wu3v75c" path="res://Scenes/set_name_popup.tscn" id="2_e0au6"]
[ext_resource type="PackedScene" uid="uid://f3123ce56864" path="res://Scenes/generic_window.tscn" id="3_h811o"]
[ext_resource type="PackedScene" uid="uid://bcxtkicujwjtm" path="res://Scenes/conflict_dialog.tscn" id="3_oltwi"]
[ext_resource type="PackedScene" uid="uid://d37ladkdo6cy6" path="res://Scenes/find_game_panel.tscn" id="4_npjow"]
[ext_resource type="PackedScene" uid="uid://bupnjuwyki6x5" path="res://Scenes/paste_url_dialog.tscn" id="5_l68ir"]
[ext_resource type="PackedScene" uid="uid://ilh4h27sfkh3" path="res://Scenes/file_chooser_dialog.tscn" id="6_x67xt"]
[ext_resource type="PackedScene" uid="uid://clkg4ihiwrr4q" path="res://Scenes/download_progress_dialog.tscn" id="8_oy2kb"]

[node name="Popups" type="Node" node_paths=PackedStringArray("game_select_dialog", "set_game_name_popup", "confirmation_dialog", "conflict_dialog", "conflict_dialog_window", "find_game_panel", "file_chooser_dialog", "paste_url_dialog", "download_progress_dialog")]
script = ExtResource("1_w25i3")
game_select_dialog = NodePath("GameSelectDialog")
set_game_name_popup = NodePath("SetNamePopup")
confirmation_dialog = NodePath("ConfirmationDialog")
conflict_dialog = NodePath("ConflictDialogWindow/ConflictDialog")
conflict_dialog_window = NodePath("ConflictDialogWindow")
find_game_panel = NodePath("FindGameWindow/FindGamePanel")
file_chooser_dialog = NodePath("FileChooserWindow/FileChooserDialog")
paste_url_dialog = NodePath("PasteURLWindow/PasteURLDialog")
download_progress_dialog = NodePath("DownloadProgressWindow/DownloadProgressDialog")

[node name="GameSelectDialog" type="FileDialog" parent="."]
title = "Open a Directory"
size = Vector2i(312, 154)
ok_button_text = "Select Current Folder"
file_mode = 2
access = 2
use_native_dialog = true

[node name="SetNamePopup" parent="." instance=ExtResource("2_e0au6")]
visible = false
transient = true
exclusive = true
borderless = true
popup_window = true

[node name="ConfirmationDialog" type="ConfirmationDialog" parent="."]
initial_position = 2

[node name="ConflictDialogWindow" parent="." instance=ExtResource("3_h811o")]

[node name="ConflictDialog" parent="ConflictDialogWindow" instance=ExtResource("3_oltwi")]

[node name="FindGameWindow" parent="." instance=ExtResource("3_h811o")]

[node name="FindGamePanel" parent="FindGameWindow" node_paths=PackedStringArray("window") instance=ExtResource("4_npjow")]
size_flags_horizontal = 3
size_flags_vertical = 3
window = NodePath("..")

[node name="PasteURLWindow" parent="." instance=ExtResource("3_h811o")]

[node name="PasteURLDialog" parent="PasteURLWindow" node_paths=PackedStringArray("window") instance=ExtResource("5_l68ir")]
window = NodePath("..")

[node name="FileChooserWindow" parent="." instance=ExtResource("3_h811o")]

[node name="FileChooserDialog" parent="FileChooserWindow" node_paths=PackedStringArray("window") instance=ExtResource("6_x67xt")]
window = NodePath("..")

[node name="DownloadProgressWindow" parent="." instance=ExtResource("3_h811o")]

[node name="DownloadProgressDialog" parent="DownloadProgressWindow" node_paths=PackedStringArray("window") instance=ExtResource("8_oy2kb")]
window = NodePath("..")
